@Misc{ he:platform,
	url = "http://hackage.haskell.org/platform/"
}

@Misc{ he:report,
    url = "http://www.haskell.org/onlinereport/haskell2010/"
}

@Misc{ he:warnings,
    url="http://www.haskell.org/ghc/docs/latest/html/users_guide/options-sanity.html"
}
@Misc{ he:safe,
    url = "http://hackage.haskell.org/package/safe"
}

@Misc{ he:hoogle,
    url = "http://www.haskell.org/hoogle/"
}

@Misc { he:yalb,
    url = "http://ics.p.lodz.pl/~stolarek/blog/2012/03/function-composition-and-dollar-operator-in-haskell/"
}

@InProceedings{ he:pj,
	title = "Simple unification-based type inference for {GADT}s",
	booktitle = "ICFP",
	author = "Simon Peyton Jones and Dimitrios Vytiniotis and Stephanie Weirich and Geoffrey Washburn",
	pages = "50--61",
	year = "2006"
}
