



@article{monad,
  title = 		{MapReduce as a Monad},  
  url = 		{http://themonadreader.files.wordpress.com/2011/07/issue18.pdf},
  author = 	{Julan Porter},
  journal =	{The Monad Reader},
  volume = 	{18},
  pages = 		{5--16},
  year = 		{2011}
}

@online{repository,
  url =		{http://code.haskell.org/MapReduce},
  title =		{Distributed MapReduce project DARCS repository}
  }

@online{monadlaws,
  url = 		{http://www.haskell.org/haskellwiki/Monad},
  title =		{Monad page on Haskell wiki}
}