@misc{auth:tmr,
  url = {http://www.haskell.org/haskellwiki/TheMonadReader}
}

@misc{auth:darcs,
  url = {http://darcs.net/}
}

@misc{auth:prettyref,
  url = {http://ctan.org/tex-archive/macros/latex/contrib/prettyref/}
}

@misc{auth:lhs2tex,
  url = {http://www.informatik.uni-bonn.de/~loeh/lhs2tex/}
}

@misc{auth:fancyvrb,
  url = {http://ctan.org/tex-archive/macros/latex/contrib/fancyvrb/}
}

@misc{auth:listings,
  url = {http://ctan.org/tex-archive/macros/latex/contrib/listings/}
}

@misc{auth:amsmath,
  url = {http://ctan.org/tex-archive/macros/latex/required/amslatex/math/}
}

@misc{auth:xypic,
  url = {http://tug.org/applications/Xy-pic/Xy-pic.html}
}

@misc{auth:metapost,
  url = {http://cm.bell-labs.com/who/hobby/MetaPost.html}
}

@misc{auth:pgf,
  url = {http://sourceforge.net/projects/pgf/}
}

@inproceedings{auth:tackling,
  author = {Simon {Peyton Jones}},
  title = {Tackling the Awkward Squad: monadic input/output, 
           concurrency, exceptions, and foreign-language calls in {Haskell}},
  booktitle = {Engineering theories of software construction},
  pages = {47--96},
  year = {2001},
  editor = {Tony Hoare and Manfred Broy and Ralf Steinbruggen},
  publisher = {{IOS Press}},
  url = {http://research.microsoft.com/Users/simonpj/papers/marktoberdorf/}
}

@misc{auth:tuple-gen,
      url = {http://hackage.haskell.org/package/tuple-gen}
}

@article{rationals,
  author  = {Jeremy Gibbons, David Lester and Richard Bird},
  title   = {Functional Pearl: Enumerating the rationals},
  journal = {Journal of Functional Programming},
  volume  = {Volume 16 Issue 3},
  year    = {May 2006},
  pages   = {281-291},
}

@Book{knuth,
 author    = "Donald Knuth",
 title     = "The Art of Computer Programming: Fascicle 2: Generating All Tuples and Permutations: 4",
 publisher = "Addison-Wesley Longman",
 year      =  2005,
 address   = "Amsterdam"
}

